
@InProceedings{Cnerf,
    author="Mildenhall, Ben
    and Srinivasan, Pratul P.
    and Tancik, Matthew
    and Barron, Jonathan T.
    and Ramamoorthi, Ravi
    and Ng, Ren",
  title =        "Nerf: Representing scenes as neural radiance fields for view synthesis",
  booktitle =        "Computer Vision -- ECCV 2020",
  organization = "Springer",
  year = 	 "2020",
  pages = 	 "803-806"
}

@article{muller2022instant,
  title={Instant neural graphics primitives with a multiresolution hash encoding},
  author={M{\"u}ller, Thomas and Evans, Alex and Schied, Christoph and Keller, Alexander},
  journal={ACM Transactions on Graphics (ToG)},
  volume={41},
  number={4},
  pages={1--15},
  year={2022},
  publisher={ACM New York, NY, USA}
}

@INPROCEEDINGS{RayMVSNet,
  author={Xi, Junhua and Shi, Yifei and Wang, Yijie and Guo, Yulan and Xu, Kai},
  booktitle={2022 IEEE/CVF Conference on Computer Vision and Pattern Recognition (CVPR)}, 
  title={RayMVSNet: Learning Ray-based 1D Implicit Fields for Accurate Multi-View Stereo}, 
  year={2022},
  volume={},
  number={},
  pages={8585-8595},
  doi={10.1109/CVPR52688.2022.00840}}

@ARTICLE{RayMVSNet++,
  author={Shi, Yifei and Xi, Junhua and Hu, Dewen and Cai, Zhiping and Xu, Kai},
  journal={IEEE Transactions on Pattern Analysis and Machine Intelligence}, 
  title={RayMVSNet++: Learning Ray-Based 1D Implicit Fields for Accurate Multi-View Stereo}, 
  year={2023},
  volume={45},
  number={11},
  pages={13666-13682},
}

@article{3DGS,
author = {Kerbl, Bernhard and Kopanas, Georgios and Leimkuehler, Thomas and Drettakis, George},
title = {3D Gaussian Splatting for Real-Time Radiance Field Rendering},
year = {2023},
publisher = {Association for Computing Machinery},
volume = {42},
number = {4},
journal = {ACM Trans. Graph.},
}

@InProceedings{re,
  author = 	 "Wu, Changchang",
  title =        "Towards Linear-Time Incremental Structure from Motion",
  booktitle =    "2013 International Conference on 3D Vision - 3DV 2013",
  organization = "IEEE",
  year = 	 "2013",
  volume = 	 "",
  pages = 	 "127-134"
}


@InProceedings{colmap,
  author = 	 "Schönberger, Johannes L. and Frahm, Jan-Michael",
  title =        "Structure-from-Motion Revisited",
  booktitle =        "2016 IEEE Conference on Computer Vision and Pattern Recognition (CVPR)",
  organization = "IEEE",
  year = 	 "2016",
  volume = 	 "",
  pages = 	 "4104-4113"
}


@InProceedings{Theia,
  author = 	 "Christopher Sweeney and Tobias Hollerer and Matthew Turk",
  title =        "Theia: A Fast and Scalable Structure-from-Motion Library",
  booktitle =        "MM '15: Proceedings of the 23rd ACM international conference on Multimedia",
  organization = "ACM",
  year = 	 "2015",
  volume = 	 "",
  pages = 	 "693–696"
}

@InProceedings{1DSfM,
  author="Wilson, Kyle
and Snavely, Noah",
  title =        "Robust Global Translations with 1DSfM",
  booktitle =        "Computer Vision -- ECCV 2014",
  organization = "Springer",
  year = 	 "2015",
  volume = 	 "",
  pages = 	 "61-75"
}

@InProceedings{mvg,
  author="Moulon, Pierre and Monasse, Pascal and Marlet, Renaud",
  title =        "Global Fusion of Relative Motions for Robust, Accurate and Scalable Structure from Motion",
  booktitle =     "2013 IEEE International Conference on Computer Vision",
  organization = "IEEE",
  year = 	 "2013",
  volume = 	 "",
  pages = 	 "3248-3255"
}

@InProceedings{global_1,
  author="Cui, Zhaopeng and Tan, Ping",
  title =    "Global Structure-from-Motion by Similarity Averaging",
  booktitle =     "2015 IEEE International Conference on Computer Vision (ICCV)",
  organization = "IEEE",
  year = 	 "2015",
  volume = 	 "",
  pages = 	 "864-872"
}

@InProceedings{BA,
  author="Yu Chen and Yisong Chen and Guoping Wang",
  title =    "Bundle Adjustment Revisited",
  booktitle =     "",
  organization = "arXiv",
  year = 	 "2019",
  volume = 	 "",
  pages = 	 ""
}

@InProceedings{Drift,
  author="Cornelis, K. and Verbiest, F. and Van Gool, L.",
  title =    "Drift detection and removal for sequential structure from motion algorithms",
  booktitle =     "IEEE Transactions on Pattern Analysis and Machine Intelligence",
  organization = "IEEE",
  year = 	 "2004",
  volume = 	 "26",
  pages = 	 "1249-1259"
}

@InProceedings{Divide_conquer,
  author="Bhowmick, Brojeshwar
and Patra, Suvam
and Chatterjee, Avishek
and Govindu, Venu Madhav
and Banerjee, Subhashis",
  title =    "Divide and Conquer: Efficient Large-Scale Structure from Motion Using Graph Partitioning",
  booktitle =     "Computer Vision -- ACCV 2014",
  organization = "Springer",
  year = 	 "2015",
  volume = 	 "",
  pages = 	 "273-287"
}

@InProceedings{AccPara,
  author="Siyu Zhu and
                  Tianwei Shen and
                  Lei Zhou and
                  Runze Zhang and
                  Tian Fang and
                  Long Quan",
  title =    "Accurate, Scalable and Parallel Structure from Motion",
  booktitle =     "Computer Vision -- ACCV 2014",
  organization = "arXiv",
  year = 	 "2017",
  volume = 	 "",
  pages = 	 ""
}

@InProceedings{large_averaging,
  author="Zhu, Siyu and Zhang, Runze and Zhou, Lei and Shen, Tianwei and Fang, Tian and Tan, Ping and Quan, Long",
  title =    "Very Large-Scale Global SfM by Distributed Motion Averaging",
  booktitle =     "2018 IEEE/CVF Conference on Computer Vision and Pattern Recognition",
  organization = "IEEE",
  year = 	 "2018",
  volume = 	 "",
  pages = 	 "4568-4577"
}

@article{gsfm,
title = {Graph-based parallel large scale structure from motion},
journal = {Pattern Recognition},
volume = {107},
pages = {107537},
year = {2020},
author = {Yu Chen and Shuhan Shen and Yisong Chen and Guoping Wang},
}

@ARTICLE{UAV,
  author={Jiang, San and Li, Qingquan and Jiang, Wanshou and Chen, Wu},
  journal={IEEE Transactions on Geoscience and Remote Sensing}, 
  title={Parallel Structure From Motion for UAV Images via Weighted Connected Dominating Set}, 
  year={2022},
  volume={60},
  number={},
  pages={1-13},
}

@inproceedings{merge,
  title={Merge-SfM: Merging Partial Reconstructions.},
  author={Fang, Meiling and Pollok, Thomas and Qu, Chengchao},
  booktitle={BMVC},
  pages={29},
  year={2019}
}

@INPROCEEDINGS{AdaSfM,
  author={Chen, Yu and Yu, Zihao and Song, Shu and Yu, Tianning and Li, Jianming and Lee, Gim Hee},
  booktitle={2023 IEEE International Conference on Robotics and Automation (ICRA)}, 
  title={AdaSfM: From Coarse Global to Fine Incremental Adaptive Structure from Motion}, 
  year={2023},
  volume={},
  number={},
  pages={2054-2061},
}

@article{TC-SfM,
  title={TC-SfM: Robust Track-Community-Based Structure-from-Motion},
  author={Lei Wang and Lin-Lin Ge and Shan Luo and Zi Jun Yan and Zhaopeng Cui and Jieqing Feng},
  journal={ArXiv},
  year={2022},
  volume={abs/2206.05866},
}

@INPROCEEDINGS{P3P,
  author={Kneip, Laurent and Scaramuzza, Davide and Siegwart, Roland},
  booktitle={CVPR 2011}, 
  title={A novel parametrization of the perspective-three-point problem for a direct computation of absolute camera position and orientation}, 
  year={2011},
  volume={},
  number={},
  pages={2969-2976},
}


@InProceedings{HSfM,
  author="Cui, Hainan and Gao, Xiang and Shen, Shuhan and Hu, Zhanyi",
  booktitle="2017 IEEE Conference on Computer Vision and Pattern Recognition (CVPR)", 
  organization = "IEEE",
  title="HSfM: Hybrid Structure-from-Motion", 
  year="2017",
  volume="",
  pages="2393-2402"
}


@InProceedings{NCUT,
  author="Jianbo Shi and Malik, J.",
  booktitle="IEEE Transactions on Pattern Analysis and Machine Intelligence", 
  organization = "IEEE",
  title="Normalized cuts and image segmentation", 
  year="2000",
  volume="22",
  pages="888-905"
}

@InProceedings{RANSAC,
  author="Fischler, Martin A. and Bolles, Robert C.",
  booktitle="Communications of the ACM", 
  title="Random sample consensus: a paradigm for model fitting with applications to image analysis and automated cartography", 
  organization = "ACM",
  year="1981",
  volume="24",
  pages="381"
}

@InProceedings{loop,
  author="Zach, Christopher and Klopschitz, Manfred and Pollefeys, Marc",
  booktitle="2010 IEEE Computer Society Conference on Computer Vision and Pattern Recognition", 
  title="Disambiguating visual relations using loop constraints", 
  organization = "IEEE",
  year="2010",
  volume="",
  pages="1426-1433"
}

@InProceedings{g_r,
  author="Martinec, Daniel and Pajdla, Tomas",
  booktitle="2007 IEEE Conference on Computer Vision and Pattern Recognition", 
  title="Robust Rotation and Translation Estimation in Multiview Reconstruction", 
  organization = "IEEE",
  year="2007",
  volume="",
  pages="1-8"
}


@InProceedings{Duomo,
author="Olsson, Carl
and Enqvist, Olof",
title="Stable Structure from Motion for Unordered Image Collections",
booktitle="Image Analysis",
year="2011",
 volume="",
organization="Springer",
pages="524--535",
}

@InProceedings{ON4,
author="Crandall, David J. and Owens, Andrew and Snavely, Noah and Huttenlocher, Daniel P.",
title="SfM with MRFs: Discrete-Continuous Optimization for Large-Scale Structure from Motion",
booktitle="IEEE Transactions on Pattern Analysis and Machine Intelligence",
year="2013",
 volume="35",
organization="IEEE",
pages="2841-2853",
}


@InProceedings{Rubble,
  author="Philipp Lindenberger and
               Paul-Edouard Sarlin and
               Viktor Larsson and
               Marc Pollefeys",
  booktitle="ICCV", 
  organization = "IEEE",
  title="Pixel-Perfect Structure-from-Motion with Featuremetric Refinement", 
  year="2021",
  volume="",
  pages=""
}

@INPROCEEDINGS{RAGO,
  author={Li, Heng and Cui, Zhaopeng and Liu, Shuaicheng and Tan, Ping},
  booktitle={2022 IEEE/CVF Conference on Computer Vision and Pattern Recognition (CVPR)}, 
  title={RAGO: Recurrent Graph Optimizer For Multiple Rotation Averaging}, 
  year={2022},
  volume={},
  number={},
  pages={15766-15775},
}

@INPROCEEDINGS{Revisiting_ra,
  author={Zhang, Ganlin and Larsson, Viktor and Barath, Daniel},
  booktitle={2023 IEEE/CVF Conference on Computer Vision and Pattern Recognition (CVPR)}, 
  title={Revisiting Rotation Averaging: Uncertainties and Robust Losses}, 
  year={2023},
  volume={},
  number={},
  pages={17215-17224},
}

@INPROCEEDINGS{DTU,
  author={Jensen, Rasmus and Dahl, Anders and Vogiatzis, George and Tola, Engil and Aanæs, Henrik},
  booktitle={2014 IEEE Conference on Computer Vision and Pattern Recognition}, 
  title={Large Scale Multi-view Stereopsis Evaluation}, 
  year={2014},
  volume={},
  number={},
  pages={406-413},
}